<?xml version="1.0" encoding="UTF-8"?><collection xmlns="http://www.loc.gov/MARC21/slim"><record><leader>00361nam--2200133-i-4500</leader><controlfield tag="001">000028278</controlfield><controlfield tag="002">20161230</controlfield><controlfield tag="005">20161230201037</controlfield><controlfield tag="008">060222s1000------------r-----000-0-eng-d</controlfield><datafield ind1=" " ind2=" " tag="080"><subfield code="a">539.434:539.431</subfield></datafield><datafield ind1=" " ind2=" " tag="100"><subfield code="a">Kennedy, A. J</subfield></datafield><datafield ind1=" " ind2=" " tag="245"><subfield code="a">Processes of creep and fatigue in metals</subfield></datafield><datafield ind1=" " ind2=" " tag="260"><subfield code="a">Edinburgh And London, Oliver And Boyd, 1962. Xiii+480p</subfield></datafield><datafield ind1=" " ind2=" " tag="852"><subfield code="a">75222</subfield></datafield></record></collection>